@article{taine1876note,
  title={Note sur l'acquisition du langage chez les enfants et dans l'esp{\`e}ce humaine},
  author={Taine, Hippolyte},
  journal={Revue Philosophique de la France et de l'Etranger},
  pages={5--23},
  year={1876},
  publisher={JSTOR}
}

@article{roy2015predicting,
  title={Predicting the birth of a spoken word},
  author={Roy, Brandon C and Frank, Michael C and DeCamp, Philip and Miller, Matthew and Roy, Deb},
  journal={Proceedings of the National Academy of Sciences},
  volume={112},
  number={41},
  pages={12663--12668},
  year={2015},
  publisher={National Acad Sciences}
}

@article{oller2010automated,
  title={Automated vocal analysis of naturalistic recordings from children with autism, language delay, and typical development},
  author={Oller, D Kimbrough and Niyogi, P and Gray, S and Richards, JA and Gilkerson, J and Xu, D and Yapanel, U and Warren, SF},
  journal={Proceedings of the National Academy of Sciences},
  volume={107},
  number={30},
  pages={13354--13359},
  year={2010},
  publisher={National Acad Sciences}
}

@article{weisleder2013talking,
  title={Talking to children matters: Early language experience strengthens processing and builds vocabulary},
  author={Weisleder, Adriana and Fernald, Anne},
  journal={Psychological science},
  volume={24},
  number={11},
  pages={2143--2152},
  year={2013},
  publisher={Sage Publications Sage CA: Los Angeles, CA}
}

@article{bergelson2017nature,
  title={Nature and origins of the lexicon in 6-mo-olds},
  author={Bergelson, Elika and Aslin, Richard N},
  journal={Proceedings of the National Academy of Sciences},
  volume={114},
  number={49},
  pages={12916--12921},
  year={2017},
  publisher={National Acad Sciences}
}

@article{tamis2017power,
  title={Power in methods: language to infants in structured and naturalistic contexts},
  author={Tamis-LeMonda, Catherine S and Kuchirko, Yana and Luo, Rufan and Escobar, Kelly and Bornstein, Marc H},
  journal={Developmental science},
  year={2017},
  publisher={Wiley Online Library}
}

@book{hart1995meaningful,
  title={Meaningful differences in the everyday experience of young American children.},
  author={Hart, Betty and Risley, Todd R},
  year={1995},
  publisher={Paul H Brookes Publishing}
}

@article{fernald2013ses,
  title={SES differences in language processing skill and vocabulary are evident at 18 months},
  author={Fernald, Anne and Marchman, Virginia A and Weisleder, Adriana},
  journal={Developmental science},
  volume={16},
  number={2},
  pages={234--248},
  year={2013},
  publisher={Wiley Online Library}
}

@article{dudley2009pathologizing,
  title={Pathologizing the language and culture of poor children},
  author={Dudley-Marling, Curt and Lucas, Krista},
  journal={Language Arts},
  volume={86},
  number={5},
  pages={362--370},
  year={2009},
  publisher={JSTOR}
}

@article{brent2001role,
  title={The role of exposure to isolated words in early vocabulary development},
  author={Brent, Michael R and Siskind, Jeffrey Mark},
  journal={Cognition},
  volume={81},
  number={2},
  pages={B33--B44},
  year={2001},
  publisher={Elsevier}
}

@article{hoff2002children,
  title={How children use input to acquire a lexicon},
  author={Hoff, Erika and Naigles, Letitia},
  journal={Child development},
  volume={73},
  number={2},
  pages={418--433},
  year={2002},
  publisher={Wiley Online Library}
}

@article{covington2010cutting,
  title={Cutting the Gordian knot: The moving-average type--token ratio (MATTR)},
  author={Covington, Michael A and McFall, Joe D},
  journal={Journal of quantitative linguistics},
  volume={17},
  number={2},
  pages={94--100},
  year={2010},
  publisher={Taylor \& Francis}
}